<?xml version="1.0" encoding="UTF-8"?><collection xmlns="http://www.loc.gov/MARC21/slim"><record><leader>00441nam--2200145-i-4500</leader><controlfield tag="001">000023699</controlfield><controlfield tag="002">20161230</controlfield><controlfield tag="005">20161230201035</controlfield><controlfield tag="008">060222s1000------------r-----000-0-eng-d</controlfield><datafield ind1=" " ind2=" " tag="080"><subfield code="a">517.982.4(043)</subfield></datafield><datafield ind1=" " ind2=" " tag="100"><subfield code="a">Gruman, M. Lawrence Michael</subfield></datafield><datafield ind1=" " ind2=" " tag="245"><subfield code="a">La distribution des valeurs des aplication holomorphes. these 1977</subfield></datafield><datafield ind1=" " ind2=" " tag="260"><subfield code="a">Paris, Universite Pierre Et Marie Curie, 1977. 65p</subfield></datafield><datafield ind1=" " ind2=" " tag="852"><subfield code="a">44887</subfield><subfield code="c">517.9</subfield></datafield><datafield ind1=" " ind2=" " tag="CAT"><subfield code="a">Sys</subfield><subfield code="c">20081024</subfield><subfield code="h">071850</subfield></datafield></record></collection>